@MISC{shouce,
AUTHOR = {广东工业大学教务处},
TITLE = {本科生毕业设计（论文）},
TypeofLit = {EB/OL},
modifydate = {2013-1},
citedate = {2013-7-19},
url = {http://jwc.gdut.edu.cn/zlbgxz/bysjjkcsj/3498.shtml},
}

@MISC{linuxfont,
AUTHOR = {lzh and Chenxing and Xuefeng LIU},
normalauthor = {{lzh，Chenxing，Xuefeng LIU}},
TITLE = {LaTeX中文排版},
TypeofLit = {EB/OL},
modifydate = {2013-7-7},
citedate = {2013-7-19},
url = {http://linux-wiki.cn/wiki/zh-hans/LaTeX%E4%B8%AD%E6%96%87%E6%8E%92%E7%89%88%EF%BC%88%E4%BD%BF%E7%94%A8XeTeX%EF%BC%89},
}

@MISC{point,
AUTHOR = {Wikipedia},
TITLE = {Point (typography)},
TypeofLit = {EB/OL},
modifydate = {2013-7-13},
citedate = {2013-7-19},
url = {https://en.wikipedia.org/wiki/Point_(typography)},
}

@MISC{graphics,
AUTHOR = {Keith Reckdahl},
normalauthor = {Keith Reckdahl},
TITLE = {Using Import graphics in \LaTeX{} 2ε},
TypeofLit = {EB/OL},
modifydate = {1997-11-15},
citedate = {2013-7-19},
url = {http://www.ctex.org/documents/latex/graphics/},
}

@MISC{amsmath,
AUTHOR = {{American Mathematical Society}},
normalauthor = {{American Mathematical Society}},
TITLE = {User's Guide for the amsmath Package},
TypeofLit = {EB/OL},
modifydate = {2002-2-25},
citedate = {2013-7-19},
url = {ftp://ftp.ams.org/pub/tex/doc/amsmath/amsldoc.pdf},
}

@BOOK{jmshouce,
AUTHOR = {罗振东 and 葛向阳},
PUBLISHER = {电子工业出版社},
TITLE = {排版软件\LaTeX{}简明手册（第二版）},
YEAR = {2004},
ADDRESS = {北京},
TypeofLit = {M},
}
